
Author: José Javier Rosales Ruiz

In this document three clusters of references can be found based on:
 - Near-Earth Space environment.
 - Spacecraft Collision Avoidance.
 - Artificial Intelligence, Statistics and Mathematics.

Within every cluster, references are ordered by ascending year of publication; the most recent references will appear last.

===========================================================================================
# References on near-Earth Space environment 

@article{Kessler-1978-Debris-belt,
  title={Collision frequency of artificial satellites: The creation of a debris belt},
  author={Donald J. Kessler and Burton G. Cour-Palais},
  journal={Journal of Geophysical Research},
  year={1978},
  volume={83},
  pages={2637-2646}
}

@book{Wertz-2011-SMAD,
  title={Space Mission Engineering: The New SMAD},
  author={Wertz, J.R. and Everett, D.F. and Puschell, J.J.},
  isbn={9781881883159},
  lccn={2012360953},
  series={Space technology library},
  year={2011},
  publisher={Microcosm Press}
}

@techreport{Long-2020-Constellations,
   author = {Gordon Long},
   title = {The Impacts of Large Constellations of Satellites},
   institution = {JASON Program Office: The Mitre Corporation},
   year = {2020},
   number = {JSR-20-2H},
   address = {7515 Colshire Drive McLean, Virginia},
   month = {1},
   note = {Updated: January 21, 2021}, 
}

@article{Lawrence-2022-Space-Environmentalism,
	author = {Lawrence, Andy and Rawls, Meredith L. and Jah, Moriba and Boley, Aaron and Di Vruno, Federico and Garrington, Simon and Kramer, Michael and Lawler, Samantha and Lowenthal, James and McDowell, Jonathan and McCaughrean, Mark},
	da = {2022/04/01},
	date-added = {2022-05-21 19:01:58 +0100},
	date-modified = {2022-05-21 19:01:58 +0100},
	doi = {10.1038/s41550-022-01655-6},
	id = {Lawrence2022},
	isbn = {2397-3366},
	journal = {Nature Astronomy},
	number = {4},
	pages = {428--435},
	title = {The case for space environmentalism},
	ty = {JOUR},
	url = {https://doi.org/10.1038/s41550-022-01655-6},
	volume = {6},
	year = {2022},
	Bdsk-Url-1 = {https://doi.org/10.1038/s41550-022-01655-6}}
	


===========================================================================================
# References on SSA and Collision Avoidance services

@misc{USSPACECOM-2009-SpaceTrack,
  author = {{\uppercase{US} Space Command}},
  title = {{Space-Track.org}},
  howpublished = {\url{https://www.space-track.org/}},
  year = {2009},
  note = {[Online; Accessed \dmydate\today]}
}

@misc{SWF-2011-SSA-Sharing-Program,
  author = {{Secure World Foundation}},
  title = {Space Situational Awareness Sharing Program: An \uppercase{SWF} Issue Brief},
  howpublished = {\url{https://swfound.org/media/3584/ssa_sharing_program_issue_brief_nov2011.pdf}},
  year = {2011}, 
  note = {[Online; Accessed \dmydate\today]}
}

@inproceedings{Merz-2017-CAServices,
  title     = {Current Collision Avoidance service by \uppercase{ESA}'s Space Debris Office},
  author    = {Merz, Klaus and Bastida Virgili, Benjamin and Braun, Vitali and Flohrer, Tim and Funke, Quirin and Krag, Holger and Lemmens, Stijn},
  booktitle = {7th European Conference on Space Debris},
  year      = {2017},
  publisher = {ESA Space Debris Office},
  editor	= {T. Flohrer, F. Schmitz},
  organisation = {European Space Agency (ESA)},
  url = {https://conference.sdo.esoc.esa.int/proceedings/sdc7/paper/1017},
}

@article{Uriot-2020-ML-Competition,
   author = {Thomas Uriot and Dario Izzo and Luís F. Sim\{õ\}es and Rasit Abay and Nils Einecke and Sven Rebhan and Jose Martinez-Heras and Francesca Letizia and Jan Siminski and Klaus Merz},
   doi = {10.48550/arxiv.2008.03069},
   month = {8},
   title = {Spacecraft Collision Avoidance Challenge: design and results of a machine learning competition},
   url = {https://arxiv.org/abs/2008.03069},
   year = {2020},
}

@inproceedings{Acciarini-2020-Kessler,
  title = {Kessler: a Machine Learning Library for Spacecraft Collision Avoidance},
  author = {Acciarini, Giacomo and Pinto, Francesco and Letizia, Francesca and Martinez-Heras, José A. and Merz, Klaus and Bridges, Christopher and Baydin, Atılım Güneş},
  booktitle = {8th European Conference on Space Debris},
  year = {2021},
  publisher = {ESA Space Debris Office},
  note={\url{https://conference.sdo.esoc.esa.int/proceedings/sdc8/paper/226}},
}

@inproceedings{Pinto-2020-Conjunction-Mgmt-BDL,
  title = {Towards Automated Satellite Conjunction Management with Bayesian Deep Learning},
  author = {Pinto, Francesco and Acciarini, Giacomo and Metz, Sascha and Boufelja, Sarah and Kaczmarek, Sylvester and Merz, Klaus and Martinez-Heras, José A. and Letizia, Francesca and Bridges, Christopher and Baydin, Atılım Güneş},
  booktitle = {AI for Earth Sciences Workshop at NeurIPS 2020, Vancouver, Canada},
  year = {2020}
}

@inproceedings{Acciarini-2020-CRASS,
  title = {Spacecraft Collision Risk Assessment with Probabilistic Programming},
  author = {Acciarini, Giacomo and Pinto, Francesco and Metz, Sascha and Boufelja, Sarah and Kaczmarek, Sylvester and Merz, Klaus and Martinez-Heras, José A. and Letizia, Francesca and Bridges, Christopher and Baydin, Atılım Güneş},
  booktitle = {Third Workshop on Machine Learning and the Physical Sciences (NeurIPS 2020), Vancouver, Canada},
  year = {2020}
}

@misc{McDowell-2020-GCAT,
  author = {Jonathan C. McDowell},
  title = {General Catalog of Artificial Space Objects (\uppercase{GCAT})},
  howpublished = {\url{https://planet4589.org/space/gcat/}},
  year = {2020}, 
  note = {Release 1.2.12 - [Online; Accessed \dmydate\today]}
}

@inproceedings{Merz-2021-CAServices,
   author = {Klaus Merz and Jan Siminski and Benjamin Bastida Virgili and Vitali Braun and Sven Flegel and Tim Flohrer and Quirin Funke and Andre Horstmann and Stijn Lemmens and Francesca Letizia and Frazer Mclean and Silvia Sanvido and Volker Schaus},
   title = {\uppercase{ESA}'s Space Debris Office collision avoidance service: Current status and special cases},
   booktitle = {8th European Conference on Space Debris},
   publisher = {ESA Space Debris Office},
   url = {http://conference.sdo.esoc.esa.int},
   year = {2021},
}


===========================================================================================
# References on Artificial Intelligence, Statistics and Mathematics

@book{Hastie-2001-Statistical-learning,
  added-at = {2008-05-16T16:17:42.000+0200},
  address = {New York, NY, USA},
  author = {Hastie, Trevor and Tibshirani, Robert and Friedman, Jerome},
  biburl = {https://www.bibsonomy.org/bibtex/2f58afc5c9793fcc8ad8389824e57984c/sb3000},
  interhash = {d585aea274f2b9b228fc1629bc273644},
  intrahash = {f58afc5c9793fcc8ad8389824e57984c},
  keywords = {ml statistics},
  publisher = {Springer New York Inc.},
  series = {Springer Series in Statistics},
  timestamp = {2008-05-16T16:17:43.000+0200},
  title = {The Elements of Statistical Learning},
  year = 2001
}

@misc{Vanderplas-2013-KDE,
  author = {Jake VanderPlas},
  title = {Kernel Density Estimation in Python},
  howpublished = {\url{https://jakevdp.github.io/blog/2013/12/01/kernel-density-estimation/}},
  note = {Accessed: 2023-01-29},
  year = {2013}
}

@misc{Gal-2015-Dropout,
  doi = {10.48550/ARXIV.1506.02142},
  url = {https://arxiv.org/abs/1506.02142},
  author = {Gal, Yarin and Ghahramani, Zoubin},
  keywords = {Machine Learning (stat.ML), Machine Learning (cs.LG), FOS: Computer and information sciences, FOS: Computer and information sciences},
  title = {Dropout as a Bayesian Approximation: Representing Model Uncertainty in Deep Learning},
  publisher = {arXiv},
  year = {2015},
  copyright = {arXiv.org perpetual, non-exclusive license}
}

@book{Goodfellow-2016-DL,
    title={Deep Learning},
    author={Ian Goodfellow and Yoshua Bengio and Aaron Courville},
    publisher={MIT Press},
    note={\url{http://www.deeplearningbook.org}},
    year={2016}
}

@article{Ralf-2019-LSTM,
   author = {Ralf C. Staudemeyer and Eric Rothstein Morris},
   doi = {10.48550/arxiv.1909.09586},
   month = {9},
   title = {Understanding LSTM -- A tutorial into Long Short-Term Memory Recurrent Neural Networks},
   url = {https://arxiv.org/abs/1909.09586},
   year = {2019},
}

@misc{Shi-2022-TSF,
  doi = {10.48550/ARXIV.2204.11115},
  url = {https://arxiv.org/abs/2204.11115},
  author = {Shi, Jimeng and Jain, Mahek and Narasimhan, Giri},
  keywords = {Machine Learning (cs.LG), FOS: Computer and information sciences, FOS: Computer and information sciences},
  title = {Time Series Forecasting (\uppercase{TSF}) Using Various Deep Learning Models},
  publisher = {arXiv},
  year = {2022},
  copyright = {arXiv.org perpetual, non-exclusive license}
}




